<record><leader>00000cas a22000007a 4500</leader><controlfield tag="001">24867102</controlfield><controlfield tag="008">911127d19uu1951ohuwr ne      0    0eng d</controlfield><datafield ind1=" " ind2=" " tag="010"><subfield code="a">sn 91075633 </subfield></datafield><datafield ind1=" " ind2=" " tag="040"><subfield code="a">ONP</subfield><subfield code="b">eng</subfield><subfield code="c">ONP</subfield><subfield code="d">OCLCQ</subfield></datafield><datafield ind1=" " ind2=" " tag="042"><subfield code="a">msc</subfield></datafield><datafield ind1="0" ind2=" " tag="130"><subfield code="a">Tri-County news (Plain City, Ohio)</subfield></datafield><datafield ind1="1" ind2="4" tag="245"><subfield code="a">The Tri-County news.</subfield></datafield><datafield ind1=" " ind2=" " tag="260"><subfield code="a">Plain City, Ohio :</subfield><subfield code="b">William A. Smith,</subfield><subfield code="c">-1951.</subfield></datafield><datafield ind1=" " ind2=" " tag="300"><subfield code="a">v.</subfield></datafield><datafield ind1=" " ind2=" " tag="310"><subfield code="a">Weekly</subfield></datafield><datafield ind1="0" ind2=" " tag="362"><subfield code="a">-v. 56, no. 51 (Dec. 27, 1951).</subfield></datafield><datafield ind1=" " ind2=" " tag="588"><subfield code="a">Description based on: Vol. 56, no. 1 (Jan. 4, 1951).</subfield></datafield><datafield ind1=" " ind2=" " tag="752"><subfield code="a">United States</subfield><subfield code="b">Ohio</subfield><subfield code="c">Madison</subfield><subfield code="d">Plain City.</subfield></datafield><datafield ind1="0" ind2="0" tag="780"><subfield code="t">Plain City advocate (Plain City, Ohio : 1894)</subfield><subfield code="w">(DLC)sn 88077533</subfield></datafield><datafield ind1="0" ind2="0" tag="785"><subfield code="t">Plain City advocate (Plain City, Ohio : 1952)</subfield><subfield code="w">(DLC)sn 88077534</subfield></datafield></record>